<?xml version="1.0" encoding="UTF-8"?><collection xmlns="http://www.loc.gov/MARC21/slim"><record><leader>00517nam--2200169-i-4500</leader><controlfield tag="001">000034810</controlfield><controlfield tag="002">20161230</controlfield><controlfield tag="005">20161230201040</controlfield><controlfield tag="008">060222s1000------------r-----000-0-eng-d</controlfield><datafield ind1=" " ind2=" " tag="040"><subfield code="a">IFIN-HH</subfield></datafield><datafield ind1=" " ind2=" " tag="080"><subfield code="a">539.2</subfield></datafield><datafield ind1="1" ind2=" " tag="100"><subfield code="a">Nusimovici, M.A</subfield></datafield><datafield ind1="1" ind2="0" tag="245"><subfield code="a">Phonons</subfield><subfield code="b">Comptes rendus de la conference internationale. proceedings of the international conference rennes, france 1971</subfield><subfield code="c">M.a. nusimovici</subfield></datafield><datafield ind1=" " ind2=" " tag="260"><subfield code="a">Paris</subfield><subfield code="b">Flamarion Sceinces</subfield><subfield code="c">1971</subfield></datafield><datafield ind1=" " ind2=" " tag="300"><subfield code="a">502P</subfield></datafield><datafield ind1=" " ind2=" " tag="852"><subfield code="a">35992</subfield><subfield code="c">539.2</subfield></datafield><datafield ind1=" " ind2=" " tag="CAT"><subfield code="a">Sys</subfield><subfield code="c">20121031</subfield><subfield code="h">111927</subfield></datafield></record></collection>